
@article{satoshiBitcoin,
	author = {Nakamoto, Satoshi},
	year = {2009},
	month = {03},
	pages = {},
	title = {Bitcoin: A Peer-to-Peer Electronic Cash System},
	journal = {Cryptography Mailing list at https://metzdowd.com}
}

@techreport{dltUkReport,
	author = {Robleh Ali, Richard Brown and others},
	title = {Distributed Ledger Technology: beyond block chain},
	publisher = {Government Office for Science (UK)},
	address = {London, 1 Victoria Street},
	year = {2016}
}

@misc{horizenAcademy,
  	title     = {Horizen Academy - Blockchain as a data structure},
	howpublished = {\url{https://academy.horizen.io/technology/expert/blockchain-as-a-data-structure/}},
	note      = {Accessed: 2021-06-03}
}

@book{nigelSmartCrypto,
	title     = {Cryptography: An Introduction},
	author    = {Smart, Nigel},
	year      = {2003},
	publisher = {McGraw-Hill},
}

@book{cryptoHandbook,
	title     = {Handbook of Applied Cryptography},
	author 	  = {Menezes, Alfred J.},
	year      = {1996},
	publisher = {Taylor \& Francis Inc},
	isbn      = {0849385237ID}
}

@article{homoliakBlockchain,
	author = {Homoliak, Ivan and Venugopalan, Sarad and Hum, Qingze and Reijsbergen, Daniel and Schumi, Richard and Szalachowski, Pawel},
	year = {2019},
	month = {10},
	pages = {},
	title = {The Security Reference Architecture for Blockchains: Towards a Standardized Model for Studying Vulnerabilities, Threats, and Defenses}
}

@inproceedings{p2pEssence,
	author = {Aberer, Karl and Alima, Luc and Ghodsi, Ali and Girdzijauskas, Sarunas and Haridi, Seif and Hauswirth, Manfred},
	year = {2005},
	month = {01},
	pages = {11- 20},
	title = {The Essence of P2P: A Reference Architecture for Overlay Networks},
	isbn = {0-7695-2376-5},
	doi = {10.1109/P2P.2005.38}
}

@article{p2pBuford,
	author = {Buford, J.F. and Yu, H. and Lua, Eng},
	year = {2009},
	month = {01},
	pages = {},
	title = {P2P Networking and Applications},
	journal = {P2P Networking and Applications},
	doi = {10.1016/B978-0-12-374214-8.X0001-3}
}

@inproceedings{p2pSchollmeier,
	author = {Schollmeier, Rüdiger},
	year = {2001},
	month = {09},
	pages = {101 - 102},
	title = {A Definition of Peer-to-Peer Networking for the Classification of Peer-to-Peer Architectures and Applications},
	isbn = {0-7695-1503-7},
	journal = {Proc. of the First International Conference on Peer-to-Peer Computing},
	doi = {10.1109/P2P.2001.990434}
}

@article{doubleSpending,
	author = {Hoepman, Jaap-Henk},
	year = {2008},
	month = {03},
	pages = {},
	title = {Distributed Double Spending Prevention}
}

@article{merkleTreeBosamia,
	author = {Bosamia, Mansi and Patel, Dharmendra},
	year = {2018},
	month = {08},
	pages = {294-301},
	title = {Current Trends and Future Implementation Possibilities of the Merkel Tree},
	volume = {6},
	journal = {INTERNATIONAL JOURNAL OF COMPUTER SCIENCES AND ENGINEERING},
	doi = {10.26438/ijcse/v6i8.294301}
}

@book{narayanan2016bitcoin,
	title={Bitcoin and Cryptocurrency Technologies: A Comprehensive Introduction},
	author={Narayanan, A. and Bonneau, J. and Felten, E. and Miller, A. and Goldfeder, S.},
	isbn={9780691171692},
	lccn={2016014802},
	year={2016},
	publisher={Princeton University Press}
}

@inproceedings{zhengBlockchainOverview,
	author = {Zheng, Zibin and Xie, Shaoan and Dai, Hong-Ning and Chen, Xiangping and Wang, Huaimin},
	year = {2017},
	month = {06},
	pages = {},
	title = {An Overview of Blockchain Technology: Architecture, Consensus, and Future Trends},
	doi = {10.1109/BigDataCongress.2017.85}
}

@article{zhangConsensus,
	title = {Analysis of the main consensus protocols of blockchain},
	journal = {ICT Express},
	volume = {6},
	number = {2},
	pages = {93-97},
	year = {2020},
	issn = {2405-9595},
	doi = {https://doi.org/10.1016/j.icte.2019.08.001},
	url = {https://www.sciencedirect.com/science/article/pii/S240595951930164X},
	author = {Shijie Zhang and Jong-Hyouk Lee},
}

@article{gilbertCAP,
	author = {Gilbert, Seth and Lynch, Nancy},
	title = {Brewer's Conjecture and the Feasibility of Consistent, Available, Partition-Tolerant Web Services},
	year = {2002},
	issue_date = {June 2002},
	publisher = {Association for Computing Machinery},
	address = {New York, NY, USA},
	volume = {33},
	number = {2},
	issn = {0163-5700},
	url = {https://doi.org/10.1145/564585.564601},
	doi = {10.1145/564585.564601},
	journal = {SIGACT News},
	month = jun,
	pages = {51–59}
}


@Article{leporeConsensus,
	AUTHOR = {Lepore, Cristian and Ceria, Michela and Visconti, Andrea and Rao, Udai Pratap and Shah, Kaushal Arvindbhai and Zanolini, Luca},
	TITLE = {A Survey on Blockchain Consensus with a Performance Comparison of PoW, PoS and Pure PoS},
	JOURNAL = {Mathematics},
	VOLUME = {8},
	YEAR = {2020},
	NUMBER = {10},
	ARTICLE-NUMBER = {1782},
	URL = {https://www.mdpi.com/2227-7390/8/10/1782},
	ISSN = {2227-7390},
	DOI = {10.3390/math8101782}
}

@article{nguyenPos,
	author = {Nguyen, Cong and Dinh Thai, Hoang and Nguyen, Diep and Niyato, Dusit and Nguyen, Huynh and Dutkiewicz, Eryk},
	year = {2019},
	month = {06},
	pages = {1-1},
	title = {Proof-of-Stake Consensus Mechanisms for Future Blockchain Networks: Fundamentals, Applications and Opportunities},
	volume = {PP},
	journal = {IEEE Access},
	doi = {10.1109/ACCESS.2019.2925010}
}

@article{simulatorCompar,
	title={A Systematic Review and Empirical Analysis of Blockchain Simulators},
	author={R. Paulavicius and Saulius Grigaitis and E. Filatovas},
	journal={IEEE Access},
	year={2021},
	volume={9},
	pages={38010-38028}
}

@ARTICLE{fanPerfEval,  
	author={Fan, Caixiang and Ghaemi, Sara and Khazaei, Hamzeh and Musilek, Petr},  journal={IEEE Access},   
	title={Performance Evaluation of Blockchain Systems: A Systematic Survey},   
	year={2020},  
	volume={8},  
	number={},  
	pages={126927-126950},  
	doi={10.1109/ACCESS.2020.3006078}
}

@INPROCEEDINGS{simblockWp,
	author={Aoki, Yusuke and Otsuki, Kai and Kaneko, Takeshi and Banno, Ryohei and Shudo, Kazuyuki},
	booktitle={IEEE INFOCOM 2019 - IEEE Conference on Computer Communications Workshops (INFOCOM WKSHPS)}, 
	title={SimBlock: A Blockchain Network Simulator}, 
	year={2019},
	volume={},
	number={},
	pages={325-329},
	doi={10.1109/INFCOMW.2019.8845253}
}